@article{perpendicular,
author = {Piramanayagam, S N},
journal = {Journal of Applied Physics},
number = {1},
pages = {11301},
publisher = {AIP Publishing},
title = {{Perpendicular recording media for hard disk drives}},
volume = {102},
year = {2007}
}
@book{highDensity,
author = {Song, Yanlin},
publisher = {World Scientific},
title = {{High density data storage: Principle, Technology, and Materials}},
year = {2009}
}
@book{modernPhysics,
author = {Taylor, John R and Dubson, Michael A and Zafiratos, Chris D},
publisher = {Prentice-Hall},
title = {{Modern physics for scientists and engineers}},
year = {2004}
}
@article{hamr,
author = {Pan, Liang and Bogy, David B},
journal = {Nature Photonics},
number = {4},
pages = {189--190},
publisher = {Nature Publishing Group},
title = {{Data storage: Heat-assisted magnetic recording}},
volume = {3},
year = {2009}
}
@book{HDS,
author = {Curtis, Kevin and Dhar, Lisa and Hill, Adrian and Wilson, William and Ayres, Mark},
publisher = {Wiley Online Library},
title = {{Holographic data storage}},
year = {2010}
}
@book{memory,
author = {Campardo, G and Tiziani, F and Iaculo, M},
isbn = {9783642147524},
publisher = {Springer Berlin Heidelberg},
title = {{Memory Mass Storage}},
url = {https://books.google.com/books?id=5hxzxjTsTEQC},
year = {2011}
}
@book{purcell,
author = {Purcell, Edward M. and Morin, David J.},
edition = {3rd},
publisher = {Cambridge Univeristy Press},
title = {{Electricity and Magnetism}},
year = {2013}
}
@article{probe,
author = {Pantazi, Aggeliki and Sebastian, Abu and Antonakopoulos, T A and B\"{a}chtold, Peter and Bonaccio, Anthony R and Bonan, Jose and Cherubini, Giovanni and Despont, Michel and DiPietro, Richard A and Drechsler, Ute and Others},
journal = {IBM Journal of Research and Development},
number = {4.5},
pages = {493--511},
publisher = {IBM},
title = {{Probe-based ultrahigh-density storage technology}},
volume = {52},
year = {2008}
}
@article{btm,
author = {Kikitsu, Akira},
journal = {Journal of Magnetism and Magnetic Materials},
number = {6},
pages = {2009--2009},
publisher = {Elsevier},
title = {{BC-02 Capped bit patterned media for high-density magnetic recording.}},
volume = {424},
year = {2009}
}
@article{,
title = {{Giant magnetoresistance}},
url = {http://physicscentral.com/explore/action/magnetoresistance.cfm},
year = {2013}
}
