@book{Purcell2013,
author = {Purcell, Edward M. and Morin, David J.},
edition = {3rd},
publisher = {Cambridge Univeristy Press},
title = {{Electricity and Magnetism}},
year = {2013}
}
