@article{perpendicular,
author = {Piramanayagam, S N},
journal = {Journal of Applied Physics},
number = {1},
pages = {11301},
publisher = {AIP Publishing},
title = {{Perpendicular recording media for hard disk drives}},
volume = {102},
year = {2007},
ANNOTE = {This paper provided an overview of how perpendicular magnetic storage is implemented and briefly touched on the super paramagnetism limit.},}

@book{highDensity,
author = {Song, Yanlin},
publisher = {World Scientific},
title = {{High density data storage: Principle, Technology, and Materials}},
year = {2009}
,
ANNOTE = {This also provided an overiew of various high density data storage mechanisms, but most weren't applicable, so I only used it to further my knowledge on perpendicular storage.}
}
@book{modernPhysics,
author = {Taylor, John R and Dubson, Michael A and Zafiratos, Chris D},
publisher = {Prentice-Hall},
title = {{Modern physics for scientists and engineers}},
year = {2004}
,
ANNOTE = {I mainly used this to look up pictures of domains and definitions of domains.}
}
@article{hamr,
author = {Pan, Liang and Bogy, David B},
journal = {Nature Photonics},
number = {4},
pages = {189--190},
publisher = {Nature Publishing Group},
title = {{Data storage: Heat-assisted magnetic recording}},
volume = {3},
year = {2009}
,
ANNOTE = {This provided an overview of HAMR technology specifically why it is able to achieve such high density rates.}
}
@book{HDS,
author = {Curtis, Kevin and Dhar, Lisa and Hill, Adrian and Wilson, William and Ayres, Mark},
publisher = {Wiley Online Library},
title = {{Holographic data storage}},
year = {2010}
,
ANNOTE = {This book provided an overiew of how holograms are created and also how higher densities can be achived using multiplexing.}
}
@book{memory,
author = {Campardo, G and Tiziani, F and Iaculo, M},
isbn = {9783642147524},
publisher = {Springer Berlin Heidelberg},
title = {{Memory Mass Storage}},
url = {https://books.google.com/books?id=5hxzxjTsTEQC},
year = {2011}
,
ANNOTE = {This book provided information on a significant portion of my paper. It had information on magnetic storage, flash, but I used it mainly for optical disk.}
}
@book{purcell,
author = {Purcell, Edward M. and Morin, David J.},
edition = {3rd},
publisher = {Cambridge Univeristy Press},
title = {{Electricity and Magnetism}},
year = {2013},
,
ANNOTE = {I used this for faraday's law and ampere's law}
}
@article{probe,
author = {Pantazi, Aggeliki and Sebastian, Abu and Antonakopoulos, T A and B\"{a}chtold, Peter and Bonaccio, Anthony R and Bonan, Jose and Cherubini, Giovanni and Despont, Michel and DiPietro, Richard A and Drechsler, Ute and Others},
journal = {IBM Journal of Research and Development},
number = {4.5},
pages = {493--511},
publisher = {IBM},
title = {{Probe-based ultrahigh-density storage technology}},
volume = {52},
year = {2008}
,
ANNOTE = {This was helpful in providing an overiew of probe based technology.}
}
@article{gmr,
title = {{Giant magnetoresistance}},
url = {http://physicscentral.com/explore/action/magnetoresistance.cfm},
year = {2013}
,
ANNOTE = {I used for both a diagram of a GMR and also to explain the reason why electron spin is effected by magnetic field..}
}
@misc{hyper,
title = {{Compact Disc Audio}},
url = {http://hyperphysics.phy-astr.gsu.edu/hbase/audio/cdplay.html\#c1}
,
ANNOTE = {I used this extensively to learn the different checks and balances in the laser read system.}
}
@book{thermo,
author = {Stowe, Keith},
file = {:C$\backslash$:/Users/Public/Documents/Textbooks/Thermodynamics \& Statistical Mechanics  by Stowe.pdf:pdf},
isbn = {9780521865579},
publisher = {Cambridge Univeristy Press},
title = {{An Introduction to Thermodynamics and Statistical Mechanics}},
year = {2007}
,
ANNOTE = {This was used mainly to learn what happened when a p type and n type semiconductor are brought together.}
}
@article{airyDisk,
title = {{Airy Disk Image}},
url = {http://cdn.cambridgeincolour.com/images/tutorials/airydisk-rings.jpg
,
ANNOTE = {Provided an image of an airy disk.}
}
}
@article{rayleigh,
title = {{Rayleigh's Critereon}},
url = {http://upload.wikimedia.org/wikipedia/commons/a/ae/Airy\_disk\_spacing\_near\_Rayleigh\_criterion.png
}
,
ANNOTE = {Provided an image of raylight's critereon with airy disks.}
}
@book{optics,
author = {Pedrotti, Frank L. and Pedrotti, Leno S. and Pedrotti, Leno M.},
publisher = {Pearson Addison Wesley},
title = {{Introduction to Optics}},
year = {2007}
,
ANNOTE = {This was used heavily to explain the quantitative calculations in holograms.}
}
@misc{wikiPic,
title = {{Circularly Polarized Light image}},
url = {http://hyperphysics.phy-astr.gsu.edu/hbase/phyopt/imgpho/polcir.gif}
,
ANNOTE = {Provided an image of circuarly polarized light.}
}
